<?xml version="1.0" encoding="UTF-8"?><collection xmlns="http://www.loc.gov/MARC21/slim"><record><leader>00534nam--2200181-i-4500</leader><controlfield tag="001">000038770</controlfield><controlfield tag="002">20161230</controlfield><controlfield tag="005">20161230201042</controlfield><controlfield tag="008">060222s1000------------r-----000-0-eng-d</controlfield><datafield ind1=" " ind2=" " tag="040"><subfield code="a">IFIN-HH</subfield></datafield><datafield ind1=" " ind2=" " tag="080"><subfield code="a">53(047.1)</subfield></datafield><datafield ind1="1" ind2=" " tag="100"><subfield code="a">Pedersen, C.I</subfield></datafield><datafield ind1="1" ind2="0" tag="245"><subfield code="a">Reports on progress in physics. vol. xxxi (1968) part i</subfield><subfield code="c">C.i. pedersen (executive editor ) r.a. cook (editorial assistant)</subfield></datafield><datafield ind1=" " ind2=" " tag="260"><subfield code="a">London</subfield><subfield code="b">The Physical Society</subfield><subfield code="c">1968</subfield></datafield><datafield ind1=" " ind2=" " tag="300"><subfield code="a">417P</subfield></datafield><datafield ind1="1" ind2=" " tag="700"><subfield code="a">Cook, R.A</subfield><subfield code="e">Ed</subfield></datafield><datafield ind1=" " ind2=" " tag="852"><subfield code="a">13696</subfield><subfield code="c">53</subfield></datafield><datafield ind1=" " ind2=" " tag="CAT"><subfield code="a">Sys</subfield><subfield code="c">20150210</subfield><subfield code="h">201655</subfield></datafield></record></collection>